<record><leader>00000cas a22000007a 4500</leader><controlfield tag="001">25575383</controlfield><controlfield tag="008">920402d19821988ctucr ne      0    0eng d</controlfield><datafield ind1=" " ind2=" " tag="010"><subfield code="a">sn 92051222 </subfield></datafield><datafield ind1=" " ind2=" " tag="040"><subfield code="a">CNW</subfield><subfield code="b">eng</subfield><subfield code="c">CNW</subfield><subfield code="d">OCLCQ</subfield><subfield code="d">OCLCF</subfield><subfield code="d">OCLCO</subfield><subfield code="d">OCLCA</subfield></datafield><datafield ind1="1" ind2=" " tag="029"><subfield code="a">AU@</subfield><subfield code="b">000025899043</subfield></datafield><datafield ind1=" " ind2=" " tag="042"><subfield code="a">msc</subfield></datafield><datafield ind1=" " ind2=" " tag="043"><subfield code="a">n-us-ct</subfield></datafield><datafield ind1="0" ind2="4" tag="245"><subfield code="a">The Saybrook pictorial.</subfield></datafield><datafield ind1="3" ind2="0" tag="246"><subfield code="a">Saturday, Saybrook pictorial</subfield><subfield code="f">&lt;Dec. 22, 1984-1988&gt;</subfield></datafield><datafield ind1=" " ind2=" " tag="260"><subfield code="a">Old Saybrook, Conn. :</subfield><subfield code="b">Shore Line Newspapers</subfield></datafield><datafield ind1=" " ind2=" " tag="300"><subfield code="a">v.</subfield></datafield><datafield ind1=" " ind2=" " tag="310"><subfield code="a">Semiweekly</subfield></datafield><datafield ind1="0" ind2=" " tag="362"><subfield code="a">Vol. 17, no. 31 (May 25, 1982)-v. 23, no. 25 (Apr. 2, 1988).</subfield></datafield><datafield ind1=" " ind2=" " tag="500"><subfield code="a">Saturday issues include "Saturday" in the masthead.</subfield></datafield><datafield ind1=" " ind2=" " tag="515"><subfield code="a">Issues for Tuesday and Saturday each have their own numbering.</subfield></datafield><datafield ind1=" " ind2="0" tag="651"><subfield code="a">Old Saybrook (Conn.)</subfield><subfield code="v">Newspapers.</subfield></datafield><datafield ind1=" " ind2="0" tag="651"><subfield code="a">Chester (Conn. : Town)</subfield><subfield code="v">Newspapers.</subfield></datafield><datafield ind1=" " ind2="0" tag="651"><subfield code="a">Deep River (Conn.)</subfield><subfield code="v">Newspapers.</subfield></datafield><datafield ind1=" " ind2="0" tag="651"><subfield code="a">Essex (Conn.)</subfield><subfield code="v">Newspapers.</subfield></datafield><datafield ind1=" " ind2="0" tag="651"><subfield code="a">Westbrook (Conn.)</subfield><subfield code="v">Newspapers.</subfield></datafield><datafield ind1=" " ind2="7" tag="655"><subfield code="a">Newspapers.</subfield><subfield code="2">fast</subfield><subfield code="0">(OCoLC)fst01423814</subfield></datafield><datafield ind1=" " ind2="7" tag="651"><subfield code="a">Connecticut</subfield><subfield code="z">Chester (Town)</subfield><subfield code="2">fast</subfield><subfield code="0">(OCoLC)fst01332054</subfield></datafield><datafield ind1=" " ind2="7" tag="651"><subfield code="a">Connecticut</subfield><subfield code="z">Deep River.</subfield><subfield code="2">fast</subfield><subfield code="0">(OCoLC)fst01207914</subfield></datafield><datafield ind1=" " ind2="7" tag="651"><subfield code="a">Connecticut</subfield><subfield code="z">Essex.</subfield><subfield code="2">fast</subfield><subfield code="0">(OCoLC)fst01205720</subfield></datafield><datafield ind1=" " ind2="7" tag="651"><subfield code="a">Connecticut</subfield><subfield code="z">Old Saybrook.</subfield><subfield code="2">fast</subfield><subfield code="0">(OCoLC)fst01212741</subfield></datafield><datafield ind1=" " ind2="7" tag="651"><subfield code="a">Connecticut</subfield><subfield code="z">Westbrook.</subfield><subfield code="2">fast</subfield><subfield code="0">(OCoLC)fst01216142</subfield></datafield><datafield ind1=" " ind2=" " tag="752"><subfield code="a">United States</subfield><subfield code="b">Connecticut</subfield><subfield code="c">Middlesex</subfield><subfield code="d">Old Saybrook.</subfield></datafield><datafield ind1="0" ind2="0" tag="780"><subfield code="t">Pictorial</subfield><subfield code="w">(DLC)sn 94049696</subfield><subfield code="w">(OCoLC)25575335</subfield></datafield><datafield ind1="0" ind2="7" tag="785"><subfield code="t">Gazette (Old Lyme, Conn.)</subfield><subfield code="w">(DLC)sn 92051446</subfield></datafield><datafield ind1="0" ind2="7" tag="785"><subfield code="t">Pictorial gazette west</subfield><subfield code="w">(DLC)sn 92051223</subfield><subfield code="w">(OCoLC)25575443</subfield></datafield></record>